<?xml version='1.0' encoding='utf-8'?>
<record xmlns="http://www.loc.gov/MARC21/slim" xmlns:xsi="http://www.w3.org/2001/XMLSchema-instance">
  <leader>00000cas^a22002891^^4500</leader>
  <controlfield tag="001">003935040</controlfield>
  <controlfield tag="005">20091203165034.0</controlfield>
  <controlfield tag="008">960708c192u9999miumr1p^^^^^^^0uuua0eng^d</controlfield>
  <datafield tag="022" ind1=" " ind2=" ">
    <subfield code="a">0098-4426</subfield>
  </datafield>
  <datafield tag="035" ind1=" " ind2=" ">
    <subfield code="a">(RLIN)MIUG82-S3488</subfield>
  </datafield>
  <datafield tag="035" ind1=" " ind2=" ">
    <subfield code="a">(CaOTULAS)160566719</subfield>
  </datafield>
  <datafield tag="035" ind1=" " ind2=" ">
    <subfield code="9">(UL)ACH3634</subfield>
  </datafield>
  <datafield tag="035" ind1=" " ind2=" ">
    <subfield code="a">(OCoLC)ocm01378298</subfield>
  </datafield>
  <datafield tag="040" ind1=" " ind2=" ">
    <subfield code="a">DNLM</subfield>
    <subfield code="c">DNLM</subfield>
    <subfield code="d">NSDP</subfield>
    <subfield code="d">CStRLIN</subfield>
    <subfield code="d">MiU</subfield>
    <subfield code="d">MiU-H</subfield>
  </datafield>
  <datafield tag="042" ind1=" " ind2=" ">
    <subfield code="a">nsdp</subfield>
  </datafield>
  <datafield tag="060" ind1="0" ind2=" ">
    <subfield code="a">W1</subfield>
    <subfield code="b">BU66C</subfield>
  </datafield>
  <datafield tag="110" ind1="2" ind2=" ">
    <subfield code="a">Genesee County Medical Society.</subfield>
  </datafield>
  <datafield tag="222" ind1="0" ind2="4">
    <subfield code="a">The Bulletin - Genesee County Medical Society</subfield>
  </datafield>
  <datafield tag="245" ind1="0" ind2="0">
    <subfield code="a">Bulletin - Genesee County Medical Society.</subfield>
  </datafield>
  <datafield tag="260" ind1=" " ind2=" ">
    <subfield code="a">Flint, Mich.</subfield>
  </datafield>
  <datafield tag="300" ind1=" " ind2=" ">
    <subfield code="a">v.</subfield>
    <subfield code="b">ports.</subfield>
  </datafield>
  <datafield tag="362" ind1="0" ind2=" ">
    <subfield code="a">v. 1-</subfield>
  </datafield>
  <datafield tag="650" ind1=" " ind2="0">
    <subfield code="a">Medicine</subfield>
    <subfield code="x">Periodicals.</subfield>
  </datafield>
  <datafield tag="650" ind1=" " ind2="0">
    <subfield code="a">Medicine</subfield>
    <subfield code="z">Michigan</subfield>
    <subfield code="z">Genesee County</subfield>
    <subfield code="x">Societies, etc.</subfield>
    <subfield code="x">Periodicals.</subfield>
  </datafield>
  <datafield tag="610" ind1="2" ind2="0">
    <subfield code="a">Genesee County Medical Society</subfield>
    <subfield code="v">Periodicals.</subfield>
  </datafield>
  <datafield tag="852" ind1="8" ind2=" ">
    <subfield code="a">MiU-H</subfield>
    <subfield code="b">BENT</subfield>
    <subfield code="h">49021 Ff 2</subfield>
  </datafield>
  <datafield tag="998" ind1=" " ind2=" ">
    <subfield code="c">KLS</subfield>
    <subfield code="s">9121</subfield>
  </datafield>
  <datafield tag="955" ind1=" " ind2=" ">
    <subfield code="b">BENT</subfield>
    <subfield code="p">39015071544384</subfield>
    <subfield code="z">v.60:no.1 (1984:Jan.)-v.60:no.6 (1984:June)</subfield>
  </datafield>
  <datafield tag="955" ind1=" " ind2=" ">
    <subfield code="b">BENT</subfield>
    <subfield code="p">39015071544392</subfield>
    <subfield code="z">v.60:no.7 (1984:July)-v.60:no.12 (1984:Dec.)</subfield>
  </datafield>
  <datafield tag="955" ind1=" " ind2=" ">
    <subfield code="b">BENT</subfield>
    <subfield code="p">39015071544400</subfield>
    <subfield code="z">v.61:no.1 (1985:Jan.)-v.61:no.6 (1985:June)</subfield>
  </datafield>
  <datafield tag="955" ind1=" " ind2=" ">
    <subfield code="b">BENT</subfield>
    <subfield code="p">39015071544418</subfield>
    <subfield code="z">v.61:no.7 (1985:July)-v.61:no.12 (1985:Dec.)</subfield>
  </datafield>
  <datafield tag="955" ind1=" " ind2=" ">
    <subfield code="b">BENT</subfield>
    <subfield code="p">39015071544426</subfield>
    <subfield code="z">v.62:no.1 (1986:Jan.)-v.62:no.6 (1986:June)</subfield>
  </datafield>
  <datafield tag="955" ind1=" " ind2=" ">
    <subfield code="b">BENT</subfield>
    <subfield code="p">39015071544434</subfield>
    <subfield code="z">v.62:no.7 (1986:July)-v.62:no.12 (1986:Dec.)</subfield>
  </datafield>
</record>
